<record><leader>00000cas a22000007a 4500</leader><controlfield tag="001">17189024</controlfield><controlfield tag="008">871204c19829999paudn ne      0    0eng d</controlfield><datafield ind1=" " ind2=" " tag="010"><subfield code="a">sn 87078561 </subfield></datafield><datafield ind1=" " ind2=" " tag="040"><subfield code="a">NPH</subfield><subfield code="b">eng</subfield><subfield code="c">NPH</subfield><subfield code="d">OCLCQ</subfield><subfield code="d">DLC</subfield></datafield><datafield ind1=" " ind2=" " tag="042"><subfield code="a">msc</subfield></datafield><datafield ind1="0" ind2=" " tag="130"><subfield code="a">Observer-reporter (Washington, Washington County, Pa. : Greene County ed.)</subfield></datafield><datafield ind1="1" ind2="0" tag="245"><subfield code="a">Observer-reporter.</subfield></datafield><datafield ind1=" " ind2=" " tag="250"><subfield code="a">[Greene County ed.].</subfield></datafield><datafield ind1=" " ind2=" " tag="260"><subfield code="a">Washington, Pa. :</subfield><subfield code="b">Observer Pub. Co.,</subfield><subfield code="c">1982-</subfield></datafield><datafield ind1=" " ind2=" " tag="300"><subfield code="a">v. :</subfield><subfield code="b">ill.</subfield></datafield><datafield ind1=" " ind2=" " tag="310"><subfield code="a">Daily (except Sun.)</subfield></datafield><datafield ind1="0" ind2=" " tag="362"><subfield code="a">No. 82154 (July 1, 1982)-</subfield></datafield><datafield ind1=" " ind2=" " tag="500"><subfield code="a">"Waynesburg" also printed on masthead under title.</subfield></datafield><datafield ind1=" " ind2=" " tag="500"><subfield code="a">Lacks edition statement; "Greene County" printed on masthead, &lt;Oct. 16, 1987&gt;.</subfield></datafield><datafield ind1=" " ind2=" " tag="752"><subfield code="a">United States</subfield><subfield code="b">Pennsylvania</subfield><subfield code="c">Washington</subfield><subfield code="d">Washington.</subfield></datafield><datafield ind1=" " ind2=" " tag="752"><subfield code="a">United States</subfield><subfield code="b">Pennsylvania</subfield><subfield code="c">Greene</subfield><subfield code="d">Waynesburg.</subfield></datafield><datafield ind1="0" ind2=" " tag="775"><subfield code="t">Observer-reporter</subfield><subfield code="w">(DLC)sn 86002954</subfield></datafield><datafield ind1="0" ind2=" " tag="775"><subfield code="t">Observer-reporter (Washington, Washington County, Pa. : Mon Valley ed.)</subfield><subfield code="w">(DLC)sn 89077800</subfield></datafield><datafield ind1="0" ind2="0" tag="780"><subfield code="t">Observer-reporter (Washington, Washington County, Pa. : Greene-Southern Washington ed.)</subfield><subfield code="w">(DLC)sn 87078562</subfield></datafield></record>